<record xmlns="http://www.loc.gov/MARC21/slim" xmlns:xsi="http://www.w3.org/2001/XMLSchema-instance" xsi:schemaLocation="http://www.loc.gov/MARC21/slim http://www.loc.gov/standards/marcxml/schema/MARC21slim.xsd"><leader>01800nam a2200385   4500</leader><controlfield tag="001">3068044</controlfield><controlfield tag="003">NNC</controlfield><controlfield tag="006">m        d        </controlfield><controlfield tag="007">cr cn |||m|||a</controlfield><controlfield tag="008">150223s1963    iq      o     000 0dara d</controlfield><datafield ind1=" " ind2=" " tag="040"><subfield code="a">NNU</subfield><subfield code="b">eng</subfield><subfield code="e">rda</subfield><subfield code="c">NNU</subfield></datafield><datafield ind1=" " ind2="4" tag="050"><subfield code="a">BP70</subfield><subfield code="b">.K64r 1963</subfield></datafield><datafield ind1="1" ind2=" " tag="100"><subfield code="6">880-01</subfield><subfield code="a">al-Kishshi&#772;, Muh&#803;ammad ibn &#699;Umar &#699;Abd al-&#699;Azi&#772;z.</subfield></datafield><datafield ind1="1" ind2="0" tag="245"><subfield code="6">880-02</subfield><subfield code="a">Rija&#772;l al-Kishshi&#772;</subfield><subfield code="c">Ah&#803;mad al-H&#803;usayni&#772;.</subfield></datafield><datafield ind1=" " ind2=" " tag="260"><subfield code="6">880-03</subfield><subfield code="a">Karbila&#772;&#700; :</subfield><subfield code="b">Mu&#700;assasat al-A&#699;lami&#772; lil-Mat&#803;bu&#772;&#699;a&#772;t,</subfield><subfield code="c">[1963]</subfield></datafield><datafield ind1=" " ind2=" " tag="300"><subfield code="a">online resource (535 pages)</subfield></datafield><datafield ind1=" " ind2=" " tag="336"><subfield code="a">text</subfield><subfield code="2">rdacontent</subfield></datafield><datafield ind1=" " ind2=" " tag="337"><subfield code="a">computer</subfield><subfield code="2">rdamedia</subfield></datafield><datafield ind1=" " ind2=" " tag="338"><subfield code="a">online resource</subfield><subfield code="2">rdacarrier</subfield></datafield><datafield ind1=" " ind2=" " tag="500"><subfield code="a">Part of the Arabic Collections Online (ACO) project, contributed by Columbia University Libraries.</subfield></datafield><datafield ind1=" " ind2=" " tag="533"><subfield code="a">Electronic reproduction.</subfield><subfield code="b">New York, N.Y. :</subfield><subfield code="c">New York University,</subfield><subfield code="d">2015.</subfield><subfield code="5">NNU</subfield></datafield><datafield ind1=" " ind2="0" tag="650"><subfield code="a">Muslims</subfield><subfield code="v">Biography.</subfield></datafield><datafield ind1=" " ind2="7" tag="650"><subfield code="a">Muslims.</subfield><subfield code="2">fast</subfield><subfield code="0">(OCoLC)fst01031029</subfield></datafield><datafield ind1=" " ind2="7" tag="655"><subfield code="a">Biography.</subfield><subfield code="2">fast</subfield><subfield code="0">(OCoLC)fst01423686</subfield></datafield><datafield ind1="1" ind2=" " tag="700"><subfield code="6">880-04</subfield><subfield code="a">al-H&#803;usayni&#772;, Ah&#803;mad ibn Ah&#803;mad,</subfield><subfield code="d">1854-1914.</subfield></datafield><datafield ind1="2" ind2=" " tag="710"><subfield code="a">Columbia University.</subfield><subfield code="b">Libraries.</subfield></datafield><datafield ind1="0" ind2=" " tag="730"><subfield code="a">Arabic Collections Online.</subfield></datafield><datafield ind1="0" ind2="8" tag="776"><subfield code="i">Print version:</subfield><subfield code="a">al-Kishshi&#772;, Muh&#803;ammad ibn &#699;Umar &#699;Abd al-&#699;Azi&#772;z.</subfield><subfield code="t">Rija&#772;l al-Kishshi&#772;</subfield><subfield code="w">(NNC)3068044</subfield><subfield code="w">(OCoLC)17065500</subfield></datafield><datafield ind1="4" ind2="0" tag="856"><subfield code="u">http://hdl.handle.net/2333.1/wdbrv326</subfield></datafield><datafield ind1="1" ind2=" " tag="880"><subfield code="6">100-01/r</subfield><subfield code="a">&#1575;&#1604;&#1603;&#1588;&#1610;&#1548; &#1605;&#1581;&#1605;&#1583; &#1576;&#1606; &#1593;&#1605;&#1585; &#1593;&#1576;&#1583; &#1575;&#1604;&#1593;&#1586;&#1610;&#1586;.</subfield></datafield><datafield ind1="1" ind2="0" tag="880"><subfield code="6">245-02/r</subfield><subfield code="a">&#1585;&#1580;&#1575;&#1604; &#1575;&#1604;&#1603;&#1588;&#1610;</subfield><subfield code="c">&#1575;&#1581;&#1605;&#1583; &#1575;&#1604;&#1581;&#1587;&#1610;&#1606;&#1610;.</subfield></datafield><datafield ind1=" " ind2=" " tag="880"><subfield code="6">260-03/r</subfield><subfield code="a">&#1603;&#1585;&#1576;&#1604;&#1575;&#1569; :</subfield><subfield code="b">&#1605;&#1572;&#1587;&#1587;&#1577; &#1575;&#1604;&#1575;&#1593;&#1604;&#1605;&#1610; &#1604;&#1604;&#1605;&#1591;&#1576;&#1608;&#1593;&#1575;&#1578;&#1548;</subfield><subfield code="c">[1963]</subfield></datafield><datafield ind1="1" ind2=" " tag="880"><subfield code="6">700-04/r</subfield><subfield code="a">&#1575;&#1604;&#1581;&#1587;&#1610;&#1606;&#1610;&#1548; &#1575;&#1581;&#1605;&#1583; &#1576;&#1606; &#1575;&#1581;&#1605;&#1583;&#1548; </subfield><subfield code="d">1854-1914.</subfield></datafield><datafield ind1=" " ind2=" " tag="959"><subfield code="a">NNU</subfield><subfield code="b">WEB</subfield><subfield code="c">GENI</subfield><subfield code="t">0</subfield><subfield code="m">Electronic access</subfield><subfield code="s">01</subfield></datafield><datafield ind1=" " ind2=" " tag="999"><subfield code="i">NNC_3068044</subfield><subfield code="o">(OCoLC)17065500</subfield><subfield code="s">columbia_aco000177</subfield></datafield></record>